<record><leader>00000cas a22000007a 4500</leader><controlfield tag="001">12893411</controlfield><controlfield tag="008">851211c19199999utuwr ne      0   a0eng d</controlfield><datafield ind1=" " ind2=" " tag="010"><subfield code="a">sn 85058342 </subfield></datafield><datafield ind1=" " ind2=" " tag="040"><subfield code="a">UNP</subfield><subfield code="b">eng</subfield><subfield code="c">UNP</subfield><subfield code="d">NSD</subfield><subfield code="d">UBY</subfield><subfield code="d">OCLCQ</subfield><subfield code="d">OCLCF</subfield><subfield code="d">OCLCO</subfield></datafield><datafield ind1=" " ind2=" " tag="012"><subfield code="l">1</subfield><subfield code="m">1</subfield></datafield><datafield ind1="1" ind2=" " tag="022"><subfield code="a">1085-2514</subfield><subfield code="l">1085-2514</subfield><subfield code="2">1</subfield></datafield><datafield ind1=" " ind2=" " tag="032"><subfield code="a">232020</subfield><subfield code="b">USPS</subfield></datafield><datafield ind1=" " ind2=" " tag="037"><subfield code="b">Gunnison Valley news, PO Box 189, Gunnison, UT 84634</subfield></datafield><datafield ind1=" " ind2=" " tag="042"><subfield code="a">msc</subfield><subfield code="a">nsdp</subfield></datafield><datafield ind1=" " ind2=" " tag="043"><subfield code="a">n-us-ut</subfield></datafield><datafield ind1=" " ind2="0" tag="222"><subfield code="a">Gunnison Valley news</subfield></datafield><datafield ind1="0" ind2="4" tag="245"><subfield code="a">The Gunnison Valley news.</subfield></datafield><datafield ind1=" " ind2=" " tag="260"><subfield code="a">Gunnison, Utah :</subfield><subfield code="b">H.W. Cherry,</subfield><subfield code="c">1919-</subfield></datafield><datafield ind1=" " ind2=" " tag="300"><subfield code="a">v. :</subfield><subfield code="b">ill.</subfield></datafield><datafield ind1=" " ind2=" " tag="310"><subfield code="a">Weekly</subfield></datafield><datafield ind1="0" ind2=" " tag="362"><subfield code="a">Vol. 20, no. 29 (May 2, 1919)-</subfield></datafield><datafield ind1=" " ind2=" " tag="525"><subfield code="a">Supplements accompany some issues.</subfield></datafield><datafield ind1=" " ind2=" " tag="588"><subfield code="a">Latest issue consulted: Vol. 74, no. 35 (Aug. 30, 1995) (surrogate).</subfield></datafield><datafield ind1=" " ind2="0" tag="651"><subfield code="a">Gunnison (Utah)</subfield><subfield code="v">Newspapers.</subfield></datafield><datafield ind1=" " ind2="0" tag="651"><subfield code="a">Sanpete County (Utah)</subfield><subfield code="v">Newspapers.</subfield></datafield><datafield ind1=" " ind2="7" tag="655"><subfield code="a">Newspapers.</subfield><subfield code="2">fast</subfield><subfield code="0">(OCoLC)fst01423814</subfield></datafield><datafield ind1=" " ind2="7" tag="651"><subfield code="a">Utah</subfield><subfield code="z">Gunnison.</subfield><subfield code="2">fast</subfield><subfield code="0">(OCoLC)fst01306515</subfield></datafield><datafield ind1=" " ind2="7" tag="651"><subfield code="a">Utah</subfield><subfield code="z">Sanpete County.</subfield><subfield code="2">fast</subfield><subfield code="0">(OCoLC)fst01218479</subfield></datafield><datafield ind1=" " ind2=" " tag="752"><subfield code="a">United States</subfield><subfield code="b">Utah</subfield><subfield code="c">Sanpete</subfield><subfield code="d">Gunnison.</subfield></datafield><datafield ind1="0" ind2="0" tag="780"><subfield code="t">Gunnison gazette</subfield><subfield code="w">(DLC)sn 85058341</subfield><subfield code="w">(OCoLC)12893396</subfield></datafield></record>